@misc{proakis1996digital,
  title={Digital signal processing 3 rd edition},
  author={Proakis, John G and Manolakis, Dimitris G},
  year={1996},
  publisher={Prentice Hall}
}

@article{tsao2012area,
  title={Area-efficient parallel {FIR} digital filter structures for symmetric convolutions based on fast {FIR} algorithm},
  author={Tsao, Yu-Chi and Choi, Ken},
  journal={IEEE Transactions on Very Large Scale Integration (VLSI) Systems},
  volume={20},
  number={2},
  pages={366--371},
  year={2012},
  publisher={IEEE}
}

@inproceedings{rosa2006vhdl,
  title={A {VHDL} Generation Tool for Optimized Parallel {FIR} Filters},
  author={Rosa, Vagner S and Costa, Eduardo and Bampi, Sergio},
  booktitle={Very Large Scale Integration, 2006 IFIP International Conference on},
  pages={134--139},
  year={2006},
  organization={IEEE}
}

@article{losada2004practical,
  title={Practical {FIR} filter design in {MATLAB}},
  author={Losada, Ricardo A},
  journal={White paper The Math Works Inc},
  year={2004}
}

@article{nagakishore2012fpga,
  title={{FPGA} Implementation Of Distributed Arithmetic For {FIR} Filter},
  author={Nagakishore, Bhavanam and Keerthi, M and Reddy, K Jeevan},
  journal={International Journal of Engineering Research \& Technology (IJERT) Vol},
  volume={1},
  pages={2278--0181},
  year={2012}
}

@article{meher2008fpga,
  title={{FPGA} realization of {FIR} filters by efficient and flexible systolization using distributed arithmetic},
  author={Meher, Pramod Kumar and Chandrasekaran, Shrutisagar and Amira, Abbes},
  journal={IEEE transactions on signal processing},
  volume={56},
  number={7},
  pages={3009--3017},
  year={2008},
  publisher={IEEE}
}

@inproceedings{zhou2011distributed,
  title={Distributed Arithmetic for {FIR} Filter implementation on {FPGA}},
  author={Zhou, Yajun and Shi, Pingzheng},
  booktitle={Multimedia Technology (ICMT), 2011 International Conference on},
  pages={294--297},
  year={2011},
  organization={IEEE}
}

@article{gopi2013vhdl,
  title={A {VHDL} Implementation of Direct, Pipelined and Distributed Arithmetic {FIR} Filters},
  author={Gopi, M and others},
  journal={IJECCE},
  volume={4},
  number={2},
  pages={381--385},
  year={2013}
}

@inproceedings{daitx2008vhdl,
  title={{VHDL} generation of optimized {FIR} filters},
  author={Daitx, F{\'a}bio Fabian and Rosa, Vagner S and Costa, Eduardo and Flores, Paulo and Bampi, S{\'e}rgio},
  booktitle={Signals, Circuits and Systems, 2008. SCS 2008. 2nd International Conference on},
  pages={1--5},
  year={2008},
  organization={IEEE}
}

@inproceedings{gholam1998ecg,
  title={{ECG} noise cancellation using digital filters},
  author={Gholam-Hosseini, Hamid and Nazeran, Homer and Reynolds, Karen J},
  booktitle={Bioelectromagnetism, 1998. Proceedings of the 2nd International Conference on},
  pages={151--152},
  year={1998},
  organization={IEEE}
}

@book{tekalp2015digital,
  title={Digital video processing},
  author={Tekalp, A Murat},
  year={2015},
  publisher={Prentice Hall Press}
}